@misc{gpl,
 howpublished = {\url{https://www.gnu.org/licenses/gpl.html}},
 note = {Accessed: 2013-11-07}
}

@misc{mantiddoi,
 howpublished = {\url{http://dx.doi.org/10.5286/software/mantid}},
 note = {Accessed: 2013-11-07}
}

@article{NeXus,
title = {The state of the NeXus data format},
journal = {Physica B: Condensed Matter},
volume = {385 - 386, Part 2},
pages = {1343 - 1345},
year = {2006},
author = {Mark K\"{o}nnecke},
}


@misc{openmp,
 howpublished = {\url{http://openmp.org}},
 note = {Accessed: 2013-11-07}
}

@misc{mpi,
 howpublished = {\url{http://www.mpi-forum.org/}},
 note = {Accessed: 2013-12-07}
}

@article{DAVE,
 author={R.T. Azuah and L.R. Kneller and Y. Qiu and P.L.W. Tregenna-Piggott and C.M. Brown and J.R.D. Copley and R.M. Dimeo},
 journal={J. Res. Natl. Inst. Stand. Technol.},
 title={DAVE: A comprehensive software suite for the reduction, visualization, and analysis of low energy neutron spectroscopic data}, 
 volume={114},
 pages={341},
 year={2009}
}

@ARTICLE{OpenGenie,
 author = {{Campbell}, S.~I. and {Akeroyd}, F.~A. and {Moreton-Smith}, C.~M.},
 title = "{Open GENIE - Analysis and Control}",
 journal = {eprint arXiv:cond-mat/0210442},
 year = 2002,
 month = oct
}

@article{LAMP,
 author={D. Richard and M. Ferrand and G.J. Kearley},
 title={Analysis and visualisation of neutron-scattering data},
 journal={J. Neutron Research},
 volume={4},
 pages={33-39},
 year={1996}
}

@article{ISAW,
 title={Scientific Review: New Software for Neutron Scattering Data Visualization},
 author={Worlton, T and Chatterjee, A and Hammonds, J and Bouzek, C and Mikkelson, D and Mikkelson, R and Miller, M and Serum, B and Peterson, P},
 journal={Neutron News},
 volume={15},
 number={3},
 pages={14--15},
 year={2004},
 publisher={Taylor \& Francis}
}

@misc{ICAT,
 howpublished = {\url{http://www.icatproject.org/}},
 note = {Accessed: 2013-11-07}
}

@misc{trac,
 howpublished = {\url{http://trac.edgewall.org/}},
 note = {Accessed: 2013-11-07}
}

@misc{git,
 howpublished = {\url{http://git-scm.com/}},
 note = {Accessed: 2013-11-07}
}

@misc{github,
 howpublished = {\url{https://github.com/}},
 note = {Accessed: 2013-11-07}
}

@misc{jenkins,
 howpublished = {\url{http://jenkins-ci.org/}},
 note = {Accessed: 2013-11-07}
}

@article{mcstas,
 title={McStas 1.7-a new version of the flexible Monte Carlo neutron scattering package},
 author={Willendrup, Peter and Farhi, Emmanuel and Lefmann, Kim},
 journal={Physica B: Condensed Matter},
 volume={350},
 number={1},
 pages={E735--E737},
 year={2004},
 publisher={Elsevier}
}
@article{mcstas2,
 author = {Lefmann, Kim and Nielsen, Kristian},
 title = {McStas, a general software package for neutron ray-tracing simulations},
 journal = {Neutron News},
 volume = {10},
 number = {3},
 pages = {20-23},
 year = {1999}
}

@misc{webpage,
 howpublished = {\url{http://www.mantidproject.org/}},
 note = {Accessed: 2013-11-07}
}
@misc{qtiplot,
 howpublished = {\url{http://soft.proindependent.com/qtiplot.html}},
 note = {Accessed: 2013-11-07}
}

@book{paraview,
 title="ParaView Guide, A Parallel Visualization Application",
 author="Henderson, Amy",
 publisher="Kitware Inc.",
 year="2005"
}

@misc{Mslice,
 author="R. Coldea",
 title="MSlice",
 howpublished = {\url{http://mslice.isis.rl.ac.uk}},
 note = {Accessed: 2013-11-07}
}

@misc{kitware,
 howpublished = {\url{http://www.kitware.com}},
 note = {Accessed: 2013-11-07}
}

@article{musr,
 title = "Data Formats and Analysis Codes–New Software for μSR ",
 journal = "Physics Procedia ",
 volume = "30",
 pages = "20 - 25",
 year = "2012",
 author = "Stephen Cottrell and Francis Pratt and Adrian Hillier and Philip King and Freddie Akeroyd and Anders J. Markvardsen and Nick Draper and Yuan Yao and Stephen Blundell"
}

@misc{Horace,
 author="T.~G.~Perring",
 title="Horace",
 howpublished = {\url{http://horace.isis.rl.ac.uk}},
 note = {Accessed: 2013-11-07}
}

@misc{tobyfit,
 author="T.~G.~Perring",
 title="Tobyfit",
 howpublished = {\url{http://tobyfit.isis.rl.ac.uk}},
 note = {Accessed: 2013-11-07}
}

@Book{vtk,
  Author	= "Will Schroeder and Ken Martin and Bill Lorensen",
  Title		= "The visualization toolkit: an object-oriented approach to 3D graphics ",
  Year		= {2006},
  Publisher	= "Kitware",
}

@UNPUBLISHED{EventPaper,
author={J. Zikovsky and P. F. Peterson and S. I.  Campbell and M. A. Reuter and R. J. Taylor},
title={Event-Based Processing of Neutron Scattering Data},
year={in prep.}
}

@Article{matplotlib,
  Author    = {Hunter, J. D.},
  Title     = {Matplotlib: A 2D graphics environment},
  Journal   = {Computing In Science \& Engineering},
  Volume    = {9},
  Number    = {3},
  Pages     = {90--95},
  publisher = {IEEE COMPUTER SOC},
  year      = 2007
}

@article{numpy,
   author = "Oliphant, Travis E.",
   title = "Python for Scientific Computing",
   journal = {Computing in Science \& Engineering},
   year = "2007",
   volume = "9",
   number = "3", 
   pages = "10-20"
}

@Misc{scipy,
  author =    {Eric Jones and Travis Oliphant and Pearu Peterson and others},
  title =     {{SciPy}: Open source scientific tools for {Python}},
  year =      {2001--},
  url = "http://www.scipy.org/"
}

@article{triclinic,
  title = {Excitations in a quantum spin liquid with random bonds},
  author = {H\"uvonen, D. and Zhao, S. and Ehlers, G. and M\aa{}nsson, M. and Gvasaliya, S. N. and Zheludev, A.},
  journal = {Phys. Rev. B},
  volume = {86},
  issue = {21},
  pages = {214408},
  numpages = {6},
  year = {2012}
}

@article{YFeO3,
  title = {Inelastic neutron scattering studies of ${YFeO_3}$},
  author = {Hahn, S. E. and Podlesnyak, A. A. and Ehlers, G. and Granroth, G. E. and Fishman, R. S. and Kolesnikov, A. I. and Pomjakushina, E. and Conder, K.},
  journal = {Phys. Rev. B},
  volume = {89},
  issue = {1},
  pages = {014420},
  numpages = {6},
  year = {2014},
  month = {Jan},
  publisher = {American Physical Society},
}
